% This file was created with JabRef 2.8.1.
% Encoding: UTF-8

@ARTICLE{Boas2007,
  author = {Boas, F. E. and Harbury, P. B. },
  title = {{{P}otential energy functions for protein design}},
  journal = {Curr. Opin. Struct. Biol.},
  year = {2007},
  volume = {17},
  pages = {199--204},
  number = {2},
  month = {Apr}
}

@ARTICLE{hello2001,
  author = {hello},
  title = {this is me},
  journal = {journal},
  year = {2001},
  volume = {234},
  pages = {234},
  owner = {subhodeep},
  timestamp = {2012.09.25}
}

@comment{jabref-meta: selector_review:}

@comment{jabref-meta: selector_publisher:}

@comment{jabref-meta: selector_author:}

@comment{jabref-meta: selector_journal:}

@comment{jabref-meta: selector_keywords:}

